%% LaTeX2e file `mybib.bib'
%% generated by the `filecontents' environment
%% from source `MODERNIZACJA_ZBIORNIK_PKM_KLISIEWICZ' on 2024/07/07.
%%
 @inproceedings{dblp,
  author = {Jeffrey Dean and
   Sanjay Ghemawat},
  title     = {MapReduce: Simplified Data Processing on Large Clusters},
  booktitle = {OSDI},
  year      = {2004},
  note        = {\href{http://www.usenix.org/events/osdi04/tech/dean.html}{my text for the link which can break across lines}},
  bibsource = {DBLP, http://dblp.uni-trier.de}
 }
